11111111111111111111111111111111111111111111111111
11111111111111111111111111111111111111111111111111
11111111111111111111111111111111111111111111111111
11111111111111111111111111111111111111111111111111
11111111111111111111111111111111111111111111111111
11111111111111111111111111111111111111111111111111
11111111111111111111111111111111111111111111111111
11111111111111111111111111111111111111111111111111
11111111111111111111111111111111111111111111111111
11111111111111111111111111111111111111111111
111111
11111111111111111111111111111111111111111111111111
22222222222222222222222222222222222222222222222222
22222222222222222222222222222222222222222222222222
22222222222222222222222222222222222222222222222222
22222222222222222222222222222222222222222222222222
22222222222222222222222222222222222222222222222222
22222222222222222222222222222222222222222222222222
22222222222222222222222222222222222222222222222222
22222222222222222222222222222222222222222222222222
222222222222222222222222222222222222
22222222222222
22222222222222222222222222222222222222222222222222
33333333333333333333333333333333333333333333333333
33333333333333333333333333333333333333333333333333
33333333333333333333333333333333333333333333333333
33333333333333333333333333333333333333333333333333
33333333333333333333333333333333333333333333333333
33333333333333333333333333333333333333333333333333
33333333333333333333333333333333333333333333333333
33333333333333333333333333333333333333333333333333
3333333333333333333333333333
3333333333333333333333
01234567890123456789012345678901234567890123456789
01234567890123456789012345678901234567890123456789
01234567890123456789012345678901234567890123456789
01234567890123456789012345678901234567890123456789
01234567890123456789012345678901234567890123456789
01234567890123456789012345678901234567890123456789
01234567890123456789012345678901234567890123456789
01234567890123456789012345678901234567890123456789
01234567890123456789012345678901234567890123456789
01234567890123456789
012345678901234567890123456789
01234567890123456789012345678901234567890123456789
01234567890123456789012345678901234567890123456789
01234567890123456789012345678901234567890123456789
01234567890123456789012345678901234567890123456789
01234567890123456789012345678901234567890123456789
01234567890123456789012345678901234567890123456789
01234567890123456789012345678901234567890123456789
01234567890123456789012345678901234567890123456789
01234567890123456789012345678901234567890123456789
012345678901
23456789012345678901234567890123456789
01234567890123456789012345678901234567890123456789
01234567890123456789012345678901234567890123456789
01234567890123456789012345678901234567890123456789
01234567890123456789012345678901234567890123456789
01234567890123456789012345678901234567890123456789
01234567890123456789012345678901234567890123456789
01234567890123456789012345678901234567890123456789
01234567890123456789012345678901234567890123456789
01234567890123456789012345678901234567890123456789
0123
4567890123456789012345678901234567890123456789
01234567890123456789012345678901234567890123456789
01234567890123456789012345678901234567890123456789
01234567890123456789012345678901234567890123456789
01234567890123456789012345678901234567890123456789
01234567890123456789012345678901234567890123456789
01234567890123456789012345678901234567890123456789
01234567890123456789012345678901234567890123456789
01234567890123456789012345678901234567890123456789
012345678901234567890123456789012345678901234567
89
01234567890123456789012345678901234567890123456789
01234567890123456789012345678901234567890123456789
01234567890123456789012345678901234567890123456789
01234567890123456789012345678901234567890123456789
01234567890123456789012345678901234567890123456789
01234567890123456789012345678901234567890123456789
01234567890123456789012345678901234567890123456789
01234567890123456789012345678901234567890123456789
01234567890123456789012345678901234567890123456789
0123456789012345678901234567890123456789
0123456789
01234567890123456789012345678901234567890123456789
01234567890123456789012345678901234567890123456789
01234567890123456789012345678901234567890123456789
01234567890123456789012345678901234567890123456789
01234567890123456789012345678901234567890123456789
01234567890123456789012345678901234567890123456789
01234567890123456789012345678901234567890123456789
01234567890123456789012345678901234567890123456789
01234567890123456789012345678901234567890123456789
01234567890123456789012345678901
234567890123456789
01234567890123456789012345678901234567890123456789
01234567890123456789012345678901234567890123456789
01234567890123456789012345678901234567890123456789
01234567890123456789012345678901234567890123456789
01234567890123456789012345678901234567890123456789
01234567890123456789012345678901234567890123456789
01234567890123456789012345678901234567890123456789
01234567890123456789012345678901234567890123456789
01234567890123456789012345678901234567890123456789
012345678901234567890123
45678901234567890123456789
01234567890123456789012345678901234567890123456789
01234567890123456789012345678901234567890123456789
01234567890123456789012345678901234567890123456789
01234567890123456789012345678901234567890123456789
01234567890123456789012345678901234567890123456789
01234567890123456789012345678901234567890123456789
01234567890123456789012345678901234567890123456789
01234567890123456789012345678901234567890123456789
01234567890123456789012345678901234567890123456789
0123456789012345
6789012345678901234567890123456789
01234567890123456789012345678901234567890123456789
01234567890123456789012345678901234567890123456789
01234567890123456789012345678901234567890123456789
01234567890123456789012345678901234567890123456789
01234567890123456789012345678901234567890123456789
01234567890123456789012345678901234567890123456789
01234567890123456789012345678901234567890123456789
01234567890123456789012345678901234567890123456789
01234567890123456789012345678901234567890123456789
01234567
890123456789012345678901234567890123456789
01234567890123456789012345678901234567890123456789
01234567890123456789012345678901234567890123456789
01234567890123456789012345678901234567890123456789
01234567890123456789012345678901234567890123456789
01234567890123456789012345678901234567890123456789
01234567890123456789012345678901234567890123456789
01234567890123456789012345678901234567890123456789
01234567890123456789012345678901234567890123456789
01234567890123456789012345678901234567890123456789

01234567890123456789012345678901234567890123456789
01234567890123456789012345678901234567890123456789
01234567890123456789012345678901234567890123456789

